@book{Röttgeretal2024,
title = {Basiswissen KI-Testen},
author = {Röttger, Nils and Runze, Gerhard and Dietrich, Verena},
edition = {1. Auflage},
publisher = {Dunkt.verlag},
year = {2024},
note = {1 volume},
keywords = {Computer software; Computer programmers; Testing; KI},
ISBN = {9783864909474},
URL = {},
}

@misc{Technical-Committee,
author = {Technical Committee ISO/IEC JTC 1, Subcommittee SC 7},
title = {{ISO/IEC 20246:2017}},
url = {https://www.iso.org/standard/67407.html},
}

@book{DaiglGlunz2024,
title = {ISO 29119 – Die Softwaretest-Normen verstehen und anwenden},
author = {Daigl, Matthias and Glunz, Rolf},
edition = {2. Auflage},
publisher = {Dunkt.verlag},
year = {2024},
note = {1 volume},
keywords = {Computer software; Computer programmers; Testing; ISO 29119},
ISBN = {9783988890115},
URL = {},
}

@book{FieberWendland2021,
title = {Basiswissen Abnahmetest},
author = {Fieber, Florian and Wendland, Marc-Florian},
edition = {1. Auflage},
publisher = {Dunkt.verlag},
year = {2021},
note = {1 volume},
keywords = {Computer software; Computer programmers; Testing; Abnahmetest},
ISBN = {9783864908293},
URL = {},
}

@book{SpillnerLinz2024,
title = {Basiswissen Softwaretest: Aus- und Weiterbildung zum Certified Tester Foundation Level nach ISTQB-Standard},
author = {Spillner, Andreas and Linz, Tilo},
edition = {7., überarbeitete und aktualisierte Auflage},
publisher = {Dunkt.verlag},
year = {2024},
note = {1 volume},
keywords = {Computer software; Computer programmers; Electronic data processing personnel; Testing; Examinations; Certification},
ISBN = {9783988890054},
URL = {},
}

@book{Martinetal2009,
title = {Clean Code : Refactoring, Patterns, Testen und Techniken für sauberen Code},
author = {Martin, Robert C. and Feathers, Michael C. and Engel, Reinhard},
edition = {Deutsche Ausgabe, 1. Auflage},
publisher = {mitp},
address = {Frechen},
year = {2009},
note = {475 Seiten ; 240 mm x 170 mm : Illustrationen, Diagramme},
keywords = {Agile Softwareentwicklung; Zuverlässigkeit; Software; Testen; Programmcode; Fehlerbehandlung; Programmcode; Testen},
ISBN = {3826655486 and 9783826655487 and 9783826655487},
URL = {https://suche.suub.uni-bremen.de/peid=B59154191},
}

@onlin{Martin2020,
title = {Clean Agile -- Die Essenz der agilen Softwareentwicklung},
author = {Martin, Robert C },
publisher = {Mitp Verlag},
year = {2020},
keywords = {Agile software development; Méthodes agiles (Développement de logiciels)},
URL = {https://learning.oreilly.com/library/view/~/9783747501139/?ar},
}

@book{Martin2018,
title = {Clean architecture : das Praxis-Handbuch für professionelles Softwaredesign : Regeln und Paradigmen für effiziente Softwarestrukturen},
author = {Martin, Robert C.  and Feilen, Maren  and Lorenzen, Knut},
edition = {Deutsche Ausgabe, 1. Auflage},
publisher = {mitp},
address = {Frechen},
year = {2018},
note = {373 Seiten ; 24 cm : Diagramme, Illustrationen},
keywords = {Softwarearchitektur; Softwareentwicklung; Softwarelebenszyklus; Programmierparadigma; Softwarearchitektur},
ISBN = {395845724X and 9783958457249 and 9783958457249},
URL = {https://suche.suub.uni-bremen.de/peid=B101024477},
}

@online{Spillner2022,
title = {Systematisches Testen. Ein Überblick},
author = {Spillner, Andreas},
edition = {4. Auflage},
publisher = {Dunkt.verlag},
year = {2022},
note = {1 volume},
keywords = {},
ISBN = {},
URL = {https://www.assets.dpunkt.de/openbooks/Broschuere_SystematischesTesten_4A-2022_web.pdf},
}

@online{Winteretal2021a,
title = {Umfrage 2020: Softwaretest in Praxis und Forschung},
author = {Winter, Mario and Vosseberg, Karin and Simon, Frank and Spillner, Andreas and Simon, Annette and Ichler, Helmut and Sakarya, Misperi},
year = {2021},
keywords = {},
ISBN = {},
URL = {https://www.softwaretest-umfrage.de/pdf/BroschuereSoftwaretestUmfrage2020g.pdf},
}

@online{Winteretal2021b,
title = {Umfrage 2020: Softwaretest in Praxis und Forschung. Technical Report},
author = {Winter, Mario and Vosseberg, Karin and Simon, Frank},
year = {2021},
keywords = {},
ISBN = {},
URL = {https://www.softwaretest-umfrage.de/pdf/Technischer-Report-Umfrage-2020-V11Linked.pdf},
}

@online{SpillnerVosseberg2021,
title = {2011-2020: Was hat der Umstieg auf Agilität verändert?},
author = {Spillner, Andreas and Vosseberg, Karin},
year = {2021},
keywords = {},
ISBN = {},
URL = {https://www.elektronikpraxis.de/2011-2021-was-hat-der-umstieg-auf-agilitaet-veraendert-a-b35a7adf3b4c4f0979a6ad286dd3979d/},
}

@inproceedings{RadfelderVosseberg2023,
  author    = {Radfelder, Oliver and Vosseberg, Karin},
  title     = {Nachhaltigkeit als Qualitätskriterium von Software - Den Blick auf ressourcen-sparsame Softwareentwicklung schärfen},
  booktitle = {Proceedings der SEUH 2023},
  series    = {Lecture Notes of Informatics}},
  year      = {2023},
  publisher = {Gesellschaft für Informatik, e.V.},
  address   = {Bonn},
  pages     = {67-75},
}


@book{Kleuker2019,
title = {Qualitätssicherung durch Softwaretests: Vorgehensweisen und Werkzeuge zum Testen von Java-Programmen},
author = {Kleuker, Stefan},
edition = {2., erweiterte und überarbeitete Auflage},
publisher = {Springer Vieweg},
address = {},
year = {2019},
keywords = {Softwarequalität; Softwaretesten; Java},
ISBN = {9783658248857},
URL = {},
}

@book{Linz2023,
title = {Testen in Scrum-Projekten : Leitfaden für Softwarequalität in der agilen Welt : Aus- und Weiterbildung zum ISTQB® Certified Agile Tester - Foundation Extension},
author = {Linz, Tilo},
edition = {3., aktualisierte und überarbeitete Auflage},
publisher = {dpunkt.verlag},
address = {Heidelberg},
year = {2023},
note = {xiv, 326 Seiten ; 24 cm x 16.5 cm : Diagramme, Illustrationen},
keywords = {Agile Softwareentwicklung; Projektmanagement; Vorgehensmodell; Softwaretest; Qualitätsmanagement; Scrum / Vorgehensmodell},
ISBN = {9783864909610},
URL = {},
}

@book{Daigl2022,
title = {Keyword-driven Testing},
author = {Daigl, Matthias and Rohner, Rene},
edition = {1. Auflage},
publisher = {dpunkt.verlag},
address = {Heidelberg},
year = {2022},
note = {xxiii, 373 Seiten ; 24 cm x 16.5 cm : Illustrationen},
keywords = {Softwaretest; Softwareprodukt; Qualitätsmanagement; Softwaretest; Softwareprodukt; Qualitätsmanagement},
ISBN = {9783864905704},
URL = {https://dpunkt.de/produkt/keyword-driven-testing/},
}

@book{BaumgartnerEtal2021,
title = {Basiswissen Testautomatisierung : Aus- und Weiterbildung zum ISTQB® Advanced Level Specialist – Certified Test Automation Engineer},
author = {Baumgartner, Manfred and Gwihs, Stefan and Seidl, Richard and Steirer, Thomas and Wendland, Marc-Florian},
edition = {3., aktualisierte und überarbeitete Auflage},
publisher = {dpunkt.verlag},
address = {Heidelberg},
year = {2021},
note = {xxiii, 373 Seiten ; 24 cm x 16.5 cm : Illustrationen},
keywords = {Softwaretest; Softwareprodukt; Qualitätsmanagement; ISTQB Certified Tester; Softwaretest; Softwareprodukt; Qualitätsmanagement},
ISBN = {9783864906756 and 386490675X and 9783864906756},
URL = {},
}

@book{Winter2016,
title = {Basiswissen modellbasierter Test: Aus- und Weiterbildung zum ISTQB Foundation Level - Certified Model-Based Tester},
author = {Winter, Mario},
edition = {2., vollständig überarbeitete und aktualisierte Auflage},
publisher = {Dpunkt.verlag},
year = {2016},
note = {1 volume},
keywords = {Computer software; Systems software; Testing},
ISBN = {9783864902970},
URL = {},
}

@article{Simonetal2021,
  author   = {Simon, Frank and Winter, Mario and Vosseberg, Karin},
  title    = {CI und Testen. Ergebnisse der Softwaretest-Umfrage 2020 des GTB},
  journal  = {Java-Spektrum},
  year     = {2021},
  volume   = {02/2021},
  pages    = {34-37},
}

@book{Schlich2024,
title = {Softwaretesten nach ISTQB CTFL 4.0 für Dummies},
author = {Schlich, Maud},
series = {... für Dummies},
series = {Lernen einfach gemacht},
edition = {1. Auflage},
publisher = {Wiley-VCH GmbH},
address = {Weinheim},
year = {2024},
note = {384 Seiten ; 24 cm x 17.6 cm : Illustrationen, Diagramme},
keywords = {ISTQB Certified Tester; Softwaretest; Agile Softwareentwicklung; Qualitätsmanagement},
ISBN = {9783527721658},
URL = {},
}


